\small 

% This file was created with JabRef 2.5.
% Encoding: ISO8859_1

@inproceedings{ackerman1984software,
  title={Software inspections and the industrial production of software},
  author={Ackerman, A.F. and Fowler, P.J. and Ebenau, R.G.},
  booktitle={Proc. of a symposium on Software validation: inspection-testing-verification-alternatives},
  pages={13--40},
  year={1984},
  organization={Elsevier North-Holland, Inc.}
}

@article{ackerman1989software,
  title={Software inspections: An effective verification process},
  author={Ackerman, A.F. and Buchwald, L.S. and Lewski, F.H.},
  journal={Software, IEEE},
  volume={6},
  number={3},
  pages={31--36},
  year={1989},
  publisher={IEEE}
}

@article{fagan1976design,
  title={Design and code inspections to reduce errors in program development},
  author={Fagan, M.E.},
  journal={IBM Systems Journal},
  volume={15},
  number={3},
  pages={182--211},
  year={1976},
  publisher={IBM}
}

@article{shull2008inspecting,
  title={Inspecting the History of Inspections: An Example of Evidence-Based Technology Diffusion},
  author={Shull, F. and Seaman, C.},
  journal={Software, IEEE},
  volume={25},
  number={1},
  pages={88--90},
  year={2008},
  publisher={IEEE}
}

@article{rigby2012open,
  title={Open Source Peer Review--Lessons and Recommendations for Closed Source},
  author={Rigby, P. and Cleary, B. and Painchaud, F. and Storey, M.A. and German, D.},
  journal={IEEE Software},
  year={2012},
  publisher={IEEE}
}


Niall Kennedy. (2006, Dec) How Google does web-based code reviews with Mondrian. [Online]. http://www.niallkennedy.com/blog/2006/11/google-mondrian.html

Alexia Tsotsis. (2011, August) Meet Phabricator, The Witty Code Review Tool Built Inside Facebook. [Online]. http://techcrunch.com/2011/08/07/oh-what-noble-scribe-hath-penned-these-words/

(2012, June) Gerrit (software). Wikipedia Article. [Online]. http://en.wikipedia.org/wiki/Gerrit_(software)


@misc{kennedy2006online,
author = {Kennedy, Niall},
title = {How Google does web-based code reviews with Mondrian.},
month = Dec,
year = {2006},
howpublished={http://www.test.org/doe/}
}

@misc{tsotsis2011online,
author = {Tsotsis, Alexia},
title = {Meet Phabricator, The Witty Code Review Tool Built Inside Facebook.},
month = Aug,
year = {2006},
howpublished={http://techcrunch.com/2011/08/07/oh-what-noble-scribe-hath-penned-these-words/}
}

@misc{gerrit2012online,
author =  {Wikipedia},
title = {Gerrit (software)},
month = Jun,
year = {2012},
howpublished={http://en.wikipedia.org/wiki/Gerrit\_(software)}
}




@inproceedings{stein1997casestudy,
 author = {Stein, Michael and Riedl, John and Harner, S\"{o}ren J. and Mashayekhi, Vahid},
 title = {A case study of distributed, asynchronous software inspection},
 booktitle = {Proceedings of the 19th international conference on Software engineering},
 pages = {107--117},
 year = {1997},
 publisher = {ACM},
} 


@article{laitenberger2002survey,
  title={A survey of software inspection technologies},
  author={Laitenberger, O.},
  journal={Handbook on Software Engineering and Knowledge Engineering},
  volume={2},
  pages={517--555},
  year={2002}
}

@article{johnson2006collaboration,
  title={Collaboration, peer review and open source software},
  author={Johnson, J.P.},
  journal={Information Economics and Policy},
  volume={18},
  number={4},
  pages={477--497},
  year={2006},
  publisher={Elsevier}
}

@article{porter1996review,
  title={A review of software inspections},
  author={Porter, A. and Siy, H. and Votta, L.},
  journal={Advances in Computers},
  volume={42},
  pages={39--76},
  year={1996},
  publisher={Elsevier}
}

@article{votta1993does,
  title={Does every inspection need a meeting?},
  author={Votta Jr, L.G.},
  journal={ACM SIGSOFT Software Engineering Notes},
  volume={18},
  number={5},
  pages={107--114},
  year={1993},
  publisher={ACM}
}

@inproceedings{brothers1990icicle,
  title={ICICLE: groupware for code inspection},
  author={Brothers, L. and Sembugamoorthy, V. and Muller, M.},
  booktitle={Proceedings of the 1990 ACM conference on Computer-supported cooperative work},
  pages={169--181},
  year={1990},
  organization={ACM}
}

@inproceedings{mashayekhi1994cais,
  title={CAIS: collaborative asynchronous inspection of software},
  author={Mashayekhi, V. and Feulner, C. and Riedl, J.},
  booktitle={ACM SIGSOFT Software Engineering Notes},
  volume={19},
  number={5},
  pages={21--34},
  year={1994},
  organization={ACM}
}

@article{gintell1993scrutiny,
  title={Scrutiny: A collaborative inspection and review system},
  author={Gintell, J. and Arnold, J. and Houde, M. and Kruszelnicki, J. and McKenney, R. and Memmi, G.},
  journal={Software Engineering—ESEC'93},
  pages={344--360},
  year={1993},
  publisher={Springer}
}


@inproceedings{rigby2008open,
  title={Open source software peer review practices: a case study of the apache server},
  author={Rigby, P.C. and German, D.M. and Storey, M.A.},
  booktitle={Proceedings of the 30th international conference on Software engineering},
  pages={541--550},
  year={2008},
  organization={ACM}
}

@inproceedings{sutherland2009can,
  title={Can peer code reviews be exploited for later information needs?},
  author={Sutherland, A. and Venolia, G.},
  booktitle={Software Engineering-Companion Volume, 2009. ICSE-Companion 2009. 31st International Conference on},
  pages={259--262},
  year={2009},
  organization={IEEE}
}

@inproceedings{latoza2006maintaining,
  title={Maintaining mental models: a study of developer work habits},
  author={LaToza, T.D. and Venolia, G. and DeLine, R.},
  booktitle={Proceedings of the 28th international conference on Software engineering},
  pages={492--501},
  year={2006},
  organization={ACM}
}


@article{adair1984hawthorne,
  title={The Hawthorne effect: A reconsideration of the methodological artifact.},
  author={Adair, J.G.},
  journal={Journal of applied psychology},
  volume={69},
  number={2},
  pages={334},
  year={1984},
  publisher={American Psychological Association}
}


@book{creswell2009research,
  title={Research design: Qualitative, quantitative, and mixed methods approaches},
  author={Creswell, J.W.},
  year={2009},
  edition={3rd},
  publisher={Sage Publications}
}


@book{berg2004qualitative,
  title={Qualitative research methods for the social sciences},
  author={Berg, B.L. and Lune, H.},
  year={2004},
  publisher={Pearson Boston}
}

@article{adolph2011using,
  title={Using grounded theory to study the experience of software development},
  author={Adolph, S. and Hall, W. and Kruchten, P.},
  journal={Empirical Software Engineering},
  volume={16},
  number={4},
  pages={487--513},
  year={2011},
  publisher={Springer}
}

@book{taylor2010qualitative,
  title={Qualitative communication research methods},
  author={Taylor, B.C. and Lindlof, T.R.},
  year={2010},
  publisher={Sage Publications, Incorporated}
}


@book{weiss1995learning,
  title={Learning from strangers: The art and method of qualitative interview studies},
  author={Weiss, R.S.},
  year={1995},
  publisher={Simon and Schuster}
}

I. Barker. (2005, May) What is information architecture? KM Column. [Online]. http://www.steptwo.com.au/

@misc{barker2005online,
author = {Barker, Iain},
title = {What is information architecture?},
month = May,
year = {2005},
howpublished={http://www.steptwo.com.au/}
}


% janice shade in word
@book{shade2000improving,
  title={Improving Performance Through Statistical Thinking},
  author={Janice E. Shade and Stuart J. Janis},
  year={2000},
  publisher={Mcgraw-Hill}
}



@misc{bacchelli2012appendix,
author =  {A. Bacchelli and C. Bird},
title = {Appendix to Expectations, Outcomes, and Challenges of Modern Code Review},
month = Aug,
year = {2012},
howpublished={http://research.microsoft.com/apps/pubs/?id=171426},
note={Microsoft Research, Technical Report MSR-TR-2012-83 2012}
}

@article{kitchenham2008personal,
  title={Personal opinion surveys},
  author={Kitchenham, B.A. and Pfleeger, S.L.},
  journal={Guide to Advanced Empirical Software Engineering},
  pages={63--92},
  year={2008},
  publisher={Springer}
}
in Forrest Shull, Janice Singer, and Dag I. K. Sjøberg, Eds.: Springer, 2007


@article{tyagi1989effects,
  title={The effects of appeals, anonymity, and feedback on mail survey response patterns from salespeople},
  author={Tyagi, P.K.},
  journal={Journal of the Academy of Marketing Science},
  volume={17},
  number={3},
  pages={235--241},
  year={1989},
  publisher={Springer}
}


@inproceedings{punter2003conducting,
  title={Conducting on-line surveys in software engineering},
  author={Punter, T. and Ciolkowski, M. and Freimut, B. and John, I.},
  booktitle={Empirical Software Engineering, 2003. ISESE 2003. Proceedings. 2003 International Symposium on},
  pages={80--88},
  year={2003},
  organization={IEEE}
}






@article{lethbridge2005studying,
  title={Studying software engineers: Data collection techniques for software field studies},
  author={Lethbridge, T.C. and Sim, S.E. and Singer, J.},
  journal={Empirical Software Engineering},
  volume={10},
  number={3},
  pages={311--341},
  year={2005},
  publisher={Springer}
}

@inproceedings{ayewah2007using,
  title={Using FindBugs on production software},
  author={Ayewah, N. and Pugh, W. and Morgenthaler, J.D. and Penix, J. and Zhou, Y.Q.},
  booktitle={Companion to the 22nd ACM SIGPLAN conference on Object-oriented programming systems and applications companion},
  pages={805--806},
  year={2007},
  organization={ACM}
}

@article{golafshani2003understanding,
  title={Understanding reliability and validity in qualitative research},
  author={Golafshani, N.},
  journal={The qualitative report},
  volume={8},
  number={4},
  pages={597--607},
  year={2003}
}

@article{flyvbjerg2006five,
  title={Five misunderstandings about case-study research},
  author={Flyvbjerg, B.},
  journal={Qualitative inquiry},
  volume={12},
  number={2},
  pages={219--245},
  year={2006},
  publisher={Sage Publications}
}

@book{kuper1995social,
  title={The social science encyclopedia},
  author={Kuper, A.},
  year={1995},
  publisher={Routledge}
}

@article{basili1999building,
  title={Building knowledge through families of experiments},
  author={Basili, V.R. and Shull, F. and Lanubile, F.},
  journal={Software Engineering, IEEE Transactions on},
  volume={25},
  number={4},
  pages={456--473},
  year={1999},
  publisher={IEEE}
}

@inproceedings{bird2007open,
  title={Open borders? immigration in open source projects},
  author={Bird, C. and Gourley, A. and Devanbu, P. and Swaminathan, A. and Hsu, G.},
  booktitle={Mining Software Repositories, 2007. ICSE Workshops MSR'07. Fourth International Workshop on},
  pages={6--6},
  year={2007},
  organization={IEEE}
}




